@book{Woolridge:2001:IMS:559667,
 author = {Woolridge, Michael and Wooldridge, Michael J.},
 title = {Introduction to Multiagent Systems},
 year = {2001},
 isbn = {047149691X},
 publisher = {John Wiley \& Sons, Inc.},
 address = {New York, NY, USA},
}

@inproceedings{Holvoet:2014:B-KUL-H02H4A,
    author  = "Holvoet, Tom",
    title   = "Multi-Agent Systems, Topics 1-8",
    publisher = "Used for the course on Multi-Agent Systems (B-KUL-H02H4A) at the KU Leuven",
    year    = 2014
}